@inproceedings{mltestscore,
    title={What’s your ML test score? A rubric for ML production systems},
    author={Eric Breck and Shanqing Cai and Eric Nielsen and Michael Salib and D. Sculley},
    year={2016}
}

@misc{zhang2019machine,
      title={Machine Learning Testing: Survey, Landscapes and Horizons}, 
      author={Jie M. Zhang and Mark Harman and Lei Ma and Yang Liu},
      year={2019},
      eprint={1906.10742},
      archivePrefix={arXiv},
      primaryClass={cs.LG}
}

@misc{sun2019automatic,
      title={Automatic Testing and Improvement of Machine Translation}, 
      author={Zeyu Sun and Jie M. Zhang and Mark Harman and Mike Papadakis and Lu Zhang},
      year={2019},
      eprint={1910.02688},
      archivePrefix={arXiv},
      primaryClass={cs.SE}
}

@misc{zhang2022code,
      title={Code Smells for Machine Learning Applications}, 
      author={Haiyin Zhang and Luís Cruz and Arie van Deursen},
      year={2022},
      eprint={2203.13746},
      archivePrefix={arXiv},
      primaryClass={cs.SE}
}